<?xml version="1.0" encoding="UTF-8"?><collection xmlns="http://www.loc.gov/MARC21/slim"><record><leader>00415nam--2200157-i-4500</leader><controlfield tag="001">000027712</controlfield><controlfield tag="002">20161230</controlfield><controlfield tag="005">20170113185852</controlfield><controlfield tag="008">060222s1000------------r-----000-0-eng-d</controlfield><datafield ind1=" " ind2=" " tag="080"><subfield code="a">546.621</subfield></datafield><datafield ind1=" " ind2=" " tag="100"><subfield code="a">Krietsch, Werner</subfield></datafield><datafield ind1=" " ind2=" " tag="245"><subfield code="a">Kinetische untersuchungen zur nitridbildung des aluminiums</subfield></datafield><datafield ind1=" " ind2=" " tag="260"><subfield code="a">Berlin</subfield><subfield code="b">Technische Universitat</subfield><subfield code="c">1967</subfield></datafield><datafield ind1=" " ind2=" " tag="300"><subfield code="a">81 p</subfield></datafield><datafield ind1=" " ind2=" " tag="852"><subfield code="a">27802</subfield></datafield><datafield ind1=" " ind2=" " tag="CAT"><subfield code="a">SYS</subfield><subfield code="c">20170113</subfield><subfield code="h">185852</subfield></datafield></record></collection>